@book{cheney2007numerical,
  title={Numerical Mathematics and Computing},
  author={Cheney, E.W. and Kincaid, D.R.},
  isbn={9780495114758},
  lccn={2007922553},
  url={http://books.google.com.hk/books?id=ZUfVZELlrMEC},
  year={2007},
  publisher={Brooks/Cole}
}

@book{bell1970nuclear,
  title={Nuclear reactor theory},
  author={Bell, G.I. and Glasstone, S.},
  lccn={73122674},
  url={http://books.google.com.hk/books?id=RNQmAQAAMAAJ},
  year={1970},
  publisher={Van Nostrand Reinhold Co.}
}

@book{trottenberg2001multigrid,
  title={Multigrid},
  author={Trottenberg, U. and Oosterlee, C.W. and Sch{\"u}ller, A.},
  year={2001},
  publisher={Academic Pr}
}

@book{briggs2000multigrid,
  title={A multigrid tutorial},
  author={Briggs, W.L. and McCormick, S.F. and others},
  volume={72},
  year={2000},
  publisher={Society for Industrial Mathematics}
}

@misc{HDF5Wiki,
title = {Hierarchical Data Format},
date = {2013.03.02},
url = {http://en.wikipedia.org/wiki/HDF5},
}

@misc{LuaWiki,
title = {Lua},
date = {2013.03.02},
url = {http://en.wikipedia.org/wiki/Lua_%28programming_language%29},
}

@misc{LuaJITHomepage,
title = {LuaJIT},
date = {2013.03.02},
url = {http://luajit.org/luajit.html},
}

@article{fleming1986not,
  title={How not to lie with statistics: the correct way to summarize benchmark results},
  author={Fleming, Philip J and Wallace, John J},
  journal={Communications of the ACM},
  volume={29},
  number={3},
  pages={218--221},
  year={1986},
  publisher={ACM}
}

@misc{cudadoc-dynamicparallelism,
title = {CUDA Dynamic Parallelism Programming Guide},
date = {2013.03.29},
url = {http://docs.nvidia.com/cuda/cuda-dynamic-parallelism/index.html},
}

@misc{cudadoc-cprogrammingguide,
title = {CUDA C Programming Guide},
date = {2013.03.29},
url = {http://docs.nvidia.com/cuda/cuda-c-programming-guide/index.html},
}

@misc{cudadoc-KeplerGK110ArchitectureWhitepaper,
title = {NVIDIA Kepler GK110 Architecture Whitepaper},
date = {2013.03.29},
url = {http://www.nvidia.com/content/PDF/kepler/NVIDIA-Kepler-GK110-Architecture-Whitepaper.pdf},
}

@misc{opencl-conformant-products,
title = {OpenCL Conformant Products},
date = {2013.03.30},
url = {http://www.khronos.org/conformance/adopters/conformant-products#topencl},
}

@misc{cppamp-overview,
title = {C++ AMP Overview},
date = {2013.03.30},
url = {http://msdn.microsoft.com/en-us/library/vstudio/hh265136.aspx},
}

@misc{cppamp,
title = {C++ AMP: Language and Programming Model},
date = {2013.03.30},
url = {http://download.microsoft.com/download/4/0/E/40EA02D8-23A7-4BD2-AD3A-0BFFFB640F28/CppAMPLanguageAndProgrammingModel.pdf},
}



@misc{cppamp-opencl,
title = {Shevlin Park: Implementing C++ AMP with Clang/LLVMand OpenCL},
date = {2013.03.30},
url = {http://llvm.org/devmtg/2012-11/Sharlet-ShevlinPark.pdf},
}

@misc{opencl,
title = {Khronos OpenCL API Registry},
date = {2013.03.30},
url = {http://www.khronos.org/registry/cl/},
}

@article{reyes2012comparative,
  title={A Comparative Study of OpenACC Implementations},
  author={Reyes, Ruym{\'a}n and L{\'o}pez, Iv{\'a}n and Fumero, Juan J and de Sande, Francisco},
  journal={XXIII Jornadas de Paralelismo},
  year={2012}
}

@incollection{beyer2011openmp,
  title={OpenMP for accelerators},
  author={Beyer, James C and Stotzer, Eric J and Hart, Alistair and de Supinski, Bronis R},
  booktitle={OpenMP in the Petascale Era},
  pages={108--121},
  year={2011},
  publisher={Springer}
}

@book{golub2012matrix,
  title={Matrix Computations},
  author={Golub, G.H. and Van Loan, C.F.},
  isbn={9781421408590},
  series={Matrix Computations},
  url={http://books.google.com.hk/books?id=5U-l8U3P-VUC},
  year={2012},
  publisher={Johns Hopkins University Press}
}

@book{press2007numericalrecipes,
  title={Numerical recipes 3rd edition: The art of scientific computing},
  author={Press, William H and Teukolsky, Saul A and Vetterling, William T and Flannery, Brian P},
  year={2007},
  publisher={Cambridge university press}
}

@article{van1992bicgstab,
  title={Bi-CGSTAB: A fast and smoothly converging variant of Bi-CG for the solution of nonsymmetric linear systems},
  author={Van der Vorst, Henk A},
  journal={SIAM Journal on scientific and Statistical Computing},
  volume={13},
  number={2},
  pages={631--644},
  year={1992},
  publisher={SIAM}
}

@book{trottenberg2000multigrid,
  title={Multigrid},
  author={Trottenberg, Ulrich and Oosterlee, Cornelius W and Schuller, Anton},
  year={2000},
  publisher={Academic press}
}

@article{saad1986gmres,
  title={GMRES: A generalized minimal residual algorithm for solving nonsymmetric linear systems},
  author={Saad, Youcef and Schultz, Martin H},
  journal={SIAM Journal on scientific and statistical computing},
  volume={7},
  number={3},
  pages={856--869},
  year={1986},
  publisher={SIAM}
}

@book{saad2003iterative,
  title={Iterative methods for sparse linear systems},
  author={Saad, Yousef},
  year={2003},
  publisher={Society for Industrial and Applied Mathematics}
}

@article{grote1997parallel,
  title={Parallel preconditioning with sparse approximate inverses},
  author={Grote, Marcus J and Huckle, Thomas},
  journal={SIAM Journal on Scientific Computing},
  volume={18},
  number={3},
  pages={838--853},
  year={1997},
  publisher={SIAM}
}